@inproceedings{breakingWEP60seconds,
  title={Breaking 104 bit WEP in less than 60 seconds},
  author={Tews, Erik and Weinmann, Ralf-Philipp and Pyshkin, Andrei},
  booktitle={International Workshop on Information Security Applications},
  pages={188--202},
  year={2007},
  organization={Springer}
}

@misc{computermisuseact,
title = {Computer Misuse Act},
year = 1990,
howpublished = {http://www.legislation.gov.uk/ukpga/1990/18/},
note = {Online, accessed 24th April 2018}
}

@misc{CISSPethics,
title = {CISSP Code of Ethics},
howpublished = {https://www.isc2.org/ethics/},
note = {Online, accessed 24th April 2018}
}